% This file was created with JabRef 2.10b2.
% Encoding: UTF8

@Manual{sr02/2009,
	title = {Úprava, odevzdávání a zveřejňování vysokoškolských kva\-li\-fi\-kač\-ních prací na VUT v~Brně},
	OPTkey = {•},
	OPTauthor = {•},
	organization = {VUT v Brně},
	address = {Brno},
	OPTedition = {•},
	OPTmonth = {•},
	year = {2009},
	note = {Směrnice rektora č.\,2/2009},
	annote = {[online]},
	URL = {https://www.vutbr.cz/uredni-deska/vnitrni-predpisy-a-dokumenty/smernice-rektora-f34920/}
}

@Misc{boldis,
	OPTkey = {•},
	author = {P. Boldiš},
	title = {Bibliografické citace dokumentů podle {ČSN} {ISO} 690 a {ČSN} ISO 690-2},
	howpublished = {[online]},
	month = {11},
	year = {2004},
	OPTnote = {•},
	OPTannote = {•},
	URL = {<http://www.boldis.cz/citace/citace.html>},
}


%% moje zdroje

@soc{BlackBox,
  Title       = {BlackBox},
  Author      = {Tomáš Vavrinec},
  School      = {Střední průmyslová škola a Vyšší odborná škola Brno, Sokolská},
  Year        = {2021},
}


@online{Jaculus,
  url = {https://is.muni.cz/th/xf5wo/},
  title = {Jaculus: Approachable Programming of Embedded Devices via Javascript},
  author = {Petr Kubica},
  year = {2023},
}

@online{Servio,
  url = {https://github.com/emsro/servio/tree/main},
  title = {Servio},
  author = {Jan Koniarik},
  year = {2023},
}

@online{PanasonicLiOntReport,
  title       = {OVERCHARGE/OVERDISCHARGE/OVERCURRENT SAFETY CIRCUITS},
  author      = {Panasonic Corporation},
  year        = {2007},
  url         = {https://web.archive.org/web/20101122230718/https://www.panasonic.com/industrial/includes/pdf/Panasonic_LiIon_Charging.pdf}  
}

@online{SkriptaMMS,
  title       = {Mikrosenzory a mikroelektromechanické systémy},
  author      = {prof.. Ing. Jaromír Hubálek et al.}, % PhD., doc. Ing. Jana Drbohlavová, Ph.D., Ing. Jan Prášek, Ph.D., Ing. Petra Bušinová, Dr. techn. Ing. Mária Bendová
  year        = {2024},
  url         = {https://moodle.vut.cz/pluginfile.php/836828/mod_resource/content/2/verze_2024.pdf}  
}

@manual{LDC1614LinearPositionSensing,
  title       = {LDC1612/LDC1614 Linear Position Sensing},
  author      = {Texas Instruments Incorporated},
  year        = {2015},
  url         = {https://www.ti.com/lit/an/snoa931a/snoa931a.pdf?ts=1702491346939&ref_url=https%253A%252F%252Fwww.ti.com%252Fproduct%252FLDC1614},
}

@manual{LDC1614SensorDesign,
  title       = {Sensor Design for Inductive Sensing Applications Using LDC},
  author      = {Texas Instruments Incorporated},
  year        = {2021},
  url         = {https://www.ti.com/lit/an/snoa930c/snoa930c.pdf?utm_source=chatgpt.com&ts=1748191982114&ref_url=https%253A%252F%252Fchatgpt.com%252F},
}

@online{MokraHorakov,
  author = {VZA BUNKR - Veřejný zábavní areál Horákov},
  title = {Veřejný zábavní areál Bunkr...},
  year = {2022},
  month = {7},
  day = {22},
  url = {https://www.facebook.com/photo/?fbid=479921317466390&set=a.479921297466392},
  urldate = {2023-12-8},
  note = {Příspěvek na Facebooku}
}

@online{SigfoxKonci,
  author = {lupa.cz},
  title = {Sigfox se v Česku odmlčel. Zda je to konec této sítě internetu věcí, její provozovatelé nekomentují},
  year = {2023},
  month = {4},
  day = {21},
  url = {https://www.lupa.cz/aktuality/sigfox-se-v-cesku-odmlcel-zda-je-to-konec-teto-site-internetu-veci-jeji-provozovatele-nekomentuji/},
  note = {2023-12-8}
}

@online{LoRaSEMTECH,
  author = {SEMTECH},
  title = {LoRa™	Modulation	Basics},
  year = {2015},
  month = {4},
  day = {2},
  url = {https://web.archive.org/web/20190718200516/https://www.semtech.com/uploads/documents/an1200.22.pdf},
  note = {2023-12-8}
}

@online{LoRaEMAN,
  author = {Jiří Pech},
  title = {IOT TECHNOLOGIE: LORA A LORAWAN (3/5)},
  year = {2019},
  month = {2},
  day = {19},
  url = {https://www.eman.cz/blog/iot-technologie-lora-a-lorawan-3-5/},
  note = {2023-12-8}
}

@online{LoRaVSNB-IoT,
  author = {LoRa Alliance},
  title = {What Are The Differences Between LoRaWAN And NB-IoT?},
  year = {2023},
  month = {4},
  day = {13},
  url = {https://blog.velosiot.com/difference-between-lorawan-nbiot#:~:text=One%20of%20the%20key%20differences,to%20access%20NB-IoT%20solutions},
  note = {2023-12-8}
}

@online{NB-IoTPokryti,
  author = {Vodafone},
  title = {Sítě NB-IoT a Cat-M pro efektivnější podnikání},
  year = {2023},
  url = {https://www.vodafone.cz/podnikatele/internet-veci/iot-site/},
  year = {2023-12-9},
}

@online{NordicWiFi,
  author = {Nordic Semiconductor},
  title = {Our Wi-Fi companion IC},
  url = {https://www.nordicsemi.com/Products/Wireless/WiFi/Products?lang=en#infotabs},
  year = {2023-12-10},
}

@online{WFI32E01PC,
  author = {Microchip Technology Inc.},
  title = {Standalone and Fully-Certified Wi-Fi Module Designed for Industrial IoT Applications},
  url = {https://www.microchip.com/en-us/product/WFI32E01PC#sampling-options},
  year = {2023-12-10},
}

@online{RTL8721DM,
  title = {RTL8721DM},
  author = {Realtek Semiconductor Corp.},
  url = {https://www.realtek.com/en/products/communications-network-ics/item/rtl8721dm},
  year = {2023-12-10}
}

@online{JSC-ESP32-S3,
  author = {JLCPCB},
  title = {Vyhledávání hesla "ESP32-S3"},
  url = {https://jlcpcb.com/parts/componentSearch?searchTxt=ESP32-S3},
  year = {2023-12-10},
}

@online{JSC-WFI32,
  author = {JLCPCB},
  title = {Vyhledávání hesla "WFI32"},
  url = {https://jlcpcb.com/parts/componentSearch?searchTxt=WFI32},
  year = {2023-12-10},
}

@online{KingOfTheHill,
  author = {On},
  title = {King of the Hill},
  url = {https://www.hranostaj.cz/hra4170},
  year = {2023-12-11},
}

@online{SpionskeSite,
  author = {M O T},
  title = {Špiónské sítě},
  url = {https://www.hranostaj.cz/hra5099},
  year = {2023-12-11},
}

@online{NezSeCasNaplni,
  author = {Hobit},
  title = {Než se čas naplní},
  url = {https://www.hranostaj.cz/hra4257},
  year = {2023-12-11},
}

@online{MicroPythonESP32S3,
  author = {Jim Mussared},
  title = {MicroPython - ESP32-S3},
  url = {https://github.com/micropython/micropython/tree/master/ports/esp32/boards/ESP32_GENERIC_S3},
  year = {cca 2025-1-13},
}

@online{MicroPythonESP32,
  author = {Jim Mussared},
  title = {MicroPython - ESP32},
  url = {https://github.com/micropython/micropython/tree/master/ports/esp32/boards/ESP32_GENERIC},
  year = {cca 2025-1-13},
}

@online{MicroPythonESP32C6,
  author = {Jim Mussared},
  title = {MicroPython - ESP32-C6},
  url = {https://github.com/micropython/micropython/tree/master/ports/esp32/boards/ESP32_GENERIC_C6},
  year = {cca 2025-3-13},
}

@online{MicroPythonPIC32MZ-W1,
  author = {benpoon-microchip},
  title = {MicroPython on PIC32MZW1},
  url = {https://github.com/MicrochipTech/PIC32MZW1_MicroPython},
  year = {2023-12-13},
}

@online{TestPowerbank,
  author = {geekboy},
  title = {Test powerbank},
  url = {https://www.geekboy.cz/test-powerbank/},
  year = {2025-5-15},
}

@online{MereniDosahuSemaforu-zamilec,
  author = {Seznam.cz},
  title = {Mapy.com (bývalé mapy.cz)},
  url = {https://mapy.com/en/zakladni?mereni-vzdalenosti&rm=9mKcyx8GarfA2H3&x=16.5941704&y=49.2418235&z=18},
  year = {2025-5-15},
}


@online{StarySemafor,
  author = {Martin Ptáček a Jakub Andrýsek},
  title = {Herní zařízení semafor},
  url = {https://github.com/RoboticsBrno/semafor},
  year = {cca 2023-1-1},
}

@online{spotreba-ESP32S3,
  author = {leafmuncher},
  title = {ESP32 S3 WROOM + WiFi Power usage},
  url = {https://esp32.com/viewtopic.php?t=37348},
  year = {cca 2023-13-16},
}

@online{kapacita-18650,
  author = {botland},
  title = {18650 Li-Ion Panasonic NCR-18650B},
  url = {https://botland.cz/li-ion-baterie/5658-bunka-18650-li-ion-panasonic-ncr-18650b-3400mah-5903205772107.html},
}


%% dataseethy

@manual{TPD4E02B04,
  title = {TPD4E02B04 4-Channel ESD Protection Diode for USB Type-C and HDMI 2.0},
  author = {Texas Instruments},
  version = {2},
  year = {2016},
  url = {https://www.ti.com/lit/ds/symlink/tpd4e02b04.pdf},
}

@manual{LIS2DH12TR,
  title = {MEMS digital output motion sensor},
  author = {STMicroelectronics},
  version = {6},
  year = {2017},
  url = {https://www.lcsc.com/datasheet/lcsc_datasheet_1810010329_STMicroelectronics-LIS2DH12TR_C110926.pdf},
}

@manual{LD39200,
  title = {2 A high PSRR ultra low drop linear regulator with reverse current protection},
  author = {STMicroelectronics},
  year = {2018},
  version = {3},
  url = {https://www.lcsc.com/datasheet/lcsc_datasheet_2010270935_STMicroelectronics-LD39200DPUR_C880590.pdf},
}

% @manual{,
%   title = {},
%   author = {},
%   year = {},
%   url = {},
% }

%% mikrokontrolery

@manual{RTL8710,
  title = {RTL8710 WiFi Module},
  author = {Nordic Semiconductor},
  year = {2017},
  url = {https://media.digikey.com/pdf/data%20sheets/seeed%20technology/113990294_web.pdf},
}

@manual{ESP32,
  title        = {ESP32 Series},
  author       = {Espressif Systems Copyright},
  year         = {2023},
  url          = {https://www.espressif.com/sites/default/files/documentation/esp32_datasheet_en.pdf},
}

@manual{ESP32-WROOM,
  title        = {ESP32-WROOM-32 (ESP-WROOM-32) Datasheet},
  author       = {Espressif Systems Copyright},
  year         = {2018},
  url          = {https://www.mouser.com/datasheet/2/891/esp-wroom-32_datasheet_en-1223836.pdf},
}

@manual{ESP32S3,
  title       = {ESP32-S3 Series},
  author      = {Espressif Systems Copyright},
  year        = {2023},
  url         = {https://www.espressif.com/sites/default/files/documentation/esp32-s3_datasheet_en.pdf},
}

@manual{ESP32S3-WROOM,
  title       = {ESP32-S3-WROOM-1 ESP32-S3-WROOM-1U},
  author      = {Espressif Systems Copyright},
  year        = {2023},
  url         = {https://www.espressif.com/sites/default/files/documentation/esp32-s3-wroom-1_wroom-1u_datasheet_en.pdf},
}

@manual{ESP32C3,
  title        = {ESP32-C3-MINI-1 ESP32-C3-MINI-1U},
  author       = {Espressif Systems Copyright},
  year         = {2024},
  version      = {1.8},
  url          = {https://www.espressif.com/sites/default/files/documentation/esp32-c3-mini-1_datasheet_en.pdf},
}

@manual{ESP32C6,
  title       = {ESP32-C6 Series},
  author      = {Espressif Systems Copyright},
  year        = {2023},
  url         = {https://www.espressif.com/sites/default/files/documentation/esp32-c6_datasheet_en.pdf},
}

@manual{ESP32C6-WROOM,
  title       = {ESP32-C6-WROOM-1 ESP32-C6-WROOM-1U},
  author      = {Espressif Systems Copyright},
  year        = {2023},
  url         = {https://www.espressif.com/sites/default/files/documentation/esp32-c6-wroom-1_wroom-1u_datasheet_en.pdf},
}


@manual{nRF7000,
  title        = {nRF7000},
  author       = {Nordic Semiconductor},
  year         = {2023},
  url          = {https://infocenter.nordicsemi.com/pdf/nRF7000_PS_v1.0.pdf},
}

@manual{PIC32MZ,
  title        = {PIC32MZ1025W104 MCU and WFI32E01 Module with Wi-Fi® and Hardware-Based Security Accelerator Data Sheet},
  author       = {Microchip Technology Inc.},
  year         = {2023},
  url          = {https://ww1.microchip.com/downloads/aemDocuments/documents/WSG/ProductDocuments/DataSheets/PIC32MZ-W1-and-WFI32E01-Family-Data-Sheet-DS70005425.pdf},
}

@manual{STM32WB55,
  title        = {Multiprotocol wireless 32-bit MCU Arm®-based Cortex®-M4 with FPU, Bluetooth® 5.4 and 802.15.4 radio solution},
  author       = {STMicroelectronics},
  year         = {2023},
  url          = {https://www.st.com/resource/en/datasheet/stm32wb55cc.pdf},
}

@manual{MSP430BT5190,
  title        = {MSP430BT5190 Mixed-Signal Microcontroller},
  author       = {Texas Instruments Incorporated},
  year         = {2020},
  url          = {https://www.ti.com/lit/ds/symlink/msp430bt5190.pdf?ts=1702232109620&ref_url=https%253A%252F%252Fwww.ti.com%252Fproduct%252FMSP430BT5190},
}

%% další čipy

@manual{BQ24179,
  title       = {BQ24179 I2C Controlled, 1- to 4-Cell, 5-A Buck-Boost Battery Charger with Dual-Input Selector},
  author      = {Texas Instruments Incorporated},
  year        = {2022},
  url         = {https://www.ti.com/lit/ds/symlink/bq24179.pdf?ts=1698854511988&ref_url=https%253A%252F%252Fwww.ti.com%252Fpower-management%252Fbattery-management%252Fcharger-ics%252Fproducts.html},
}

@manual{BQ298012,
  title       = {BQ298xyz Voltage, Current, Temperature Protectors with an Integrated High-Side NFET Driver for Fast/Flash Charging Single-Cell Li-Ion and Li-Polymer Batteries},
  author      = {Texas Instruments Incorporated},
  year        = {2022},
  url         = {https://www.ti.com/lit/ds/symlink/bq2980.pdf?ts=1701078971409&ref_url=https%253A%252F%252Fwww.ti.com%252Fproduct%252FBQ2980},
}

@manual{TPS61088,
  title       = {TPS61088 10-A Fully-Integrated Synchronous Boost Converter},
  author      = {Texas Instruments Incorporated},
  year        = {2021},
  url         = {https://www.ti.com/lit/ds/symlink/tps61088.pdf?ts=1698858563376&ref_url=https%253A%252F%252Fwww.google.com%252F},
}

@manual{AP33772,
  title       = {HIGH-PERFORMANCE USB PD SINK CONTROLLER},
  author      = {Diodes Incorporated},
  year        = {2023},
  url         = {https://www.diodes.com/assets/manuals/AP33772.pdf}
}

@manual{LDC1614,
  title       = {LDC1612, LDC1614 Multi-Channel 28-Bit Inductance to Digital Converter (LDC) for Inductive Sensing},
  author      = {Texas Instruments Incorporated},
  year        = {2018},
  url         = {https://www.ti.com/lit/ds/symlink/ldc1614.pdf},
}

@manual{LDC1314,
  title       = {LDC1312, LDC1314 Multi-Channel 12-Bit Inductance to Digital Converter (LDC) for Inductive Sensing},
  author      = {Texas Instruments Incorporated},
  year        = {2014},
  url         = {https://www.ti.com/lit/ds/symlink/ldc1314.pdf},
}

@manual{FFC-konektor,
  title       = {2304231848 JUSHUO-AFC07-S32FCC-00 C11061},
  note        = {FFC konektor},
  author      = {JUSHUC},
  year        = {2004},
  url         = {https://manual.lcsc.com/lcsc/2304231848_JUSHUO-AFC07-S32FCC-00_C11061.pdf},
}

@manual{SIM7600X,
  title       = {SIM7600X-M2HardwareDesign},
  author      = {SIMCom Wireless SolutionsLimited},
  year        = {2020},
  url         = {https://files.waveshare.com/upload/0/02/SIM7600X-M2_Hardware_Design_V1.01.pdf},
}

@manual{SL8261,
  title = {Kontrola napětí baterie},
  author = {Slkor},
  url = {https://www.lcsc.com/datasheet/lcsc_datasheet_2210101800_Slkor-SLKORMICRO-Elec--SL8261D-G3JE_C5186027.pdf},
}

@manual{WS2812B,
  title = {Intelligent control LED integrated light source},
  author = {Worldsemi},
  url = {https://cdn-shop.adafruit.com/datasheets/WS2812B.pdf},
}

@manual{WS2812B-cinsky,
  title = {IXL-3528RGBW-WS2812B},
  author = {Xinglight},
  url = {https://jlcpcb.com/api/file/downloadByFileSystemAccessId/8588919995283333120},
}

@manual{BQ25895,
  title = {bq25895M I 2C Controlled Single Cell Fast Charger with MaxChargeTM Technology for High Input Voltage and Adjustable Voltage 3.1 A Boost Operation},
  author = {Texas Instruments},
  year = {2018},
  url = {https://wmsc.lcsc.com/wmsc/upload/file/pdf/v2/lcsc/2001181534_Texas-Instruments-BQ25895MRTWR_C485917.pdf},
}

@manual{P-MOS,
  title = {WSD20L75DN33},
  author = {Winsok Semiconductor},
  year = {2023},
  url = {https://jlcpcb.com/api/file/downloadByFileSystemAccessId/8588900305022406656},
}

@manual{N-MOS,
  title = {SOT-723 Plastic-Encapsulate MOSFETS},
  author = {JIANGSU CHANGJING ELECTRONICS TECHNOLOGY CO.},
  url = {https://wmsc.lcsc.com/wmsc/upload/file/pdf/v2/lcsc/2004141706_Jiangsu-Changjing-Electronics-Technology-Co---Ltd--2SK3541_C504051.pdf},
}
